Period,Revenue,GrossProfit,GrossMargin,OperatingIncome,OperatingMargin,NetIncome,NetMargin,EPS,OperatingCashFlow,FreeCashFlow,ShareholdersEquity,TotalDebt,CashAndEquivalents,SharesOutstanding,DAU,MAU,MPU,MobileGamesRevenue,VASRevenue,AdvertisingRevenue,EcommerceRevenue
Q1 2018,868.0,213.1,24.5,-74.3,-8.6,-57.8,-6.7,-1.73,471.1,,,,,77.5,,2.5,688.5,95.8,70.4,13.3
Q2 2018,1026.5,250.7,24.4,-106.9,-10.4,-70.3,-6.8,-0.26,,,,,85.0,,3.0,791.0,118.6,95.9,21.1
Q3 2018,1110.0,308.1,27.8,-137.3,-12.4,-242.0,-21.8,-3.48,,,,,,,,,,,
Q4 2018,1155.5,197.0,17.1,-288.8,-25.0,-190.8,-16.5,-0.59,,,,,,,,,,,
FY2018,4129.0,862.5,20.9,-729.0,-17.7,-565.0,-13.7,-2.64,,,6950.8,,3540.0,307.0,,,,,,
Q1 2019,1327.0,389.6,29.4,-179.7,-13.5,-194.0,-14.6,-2.75,,,,,,,,,,,
Q2 2019,1517.0,402.1,26.5,-258.7,-17.1,-313.7,-20.7,-4.45,,,,,,,,,,,
Q3 2019,1859.0,351.3,18.9,-423.1,-22.8,-405.7,-21.8,-1.24,,,,,,,,,,,
Q4 2019,2007.8,397.9,19.8,-419.9,-20.9,-387.2,-19.3,-1.17,,,,,37.9,130.3,8.8,871.4,570.9,289.6,275.9
FY2019,6778.0,1190.2,17.6,-1495.2,-22.1,-1303.6,-19.2,-3.99,,,7052.5,3414.6,4962.7,327.7,,,,,,
Q1 2020,2314.0,666.0,28.8,-452.7,-19.6,-540.7,-23.4,-7.71,,,,,,,,,,,
Q2 2020,2624.0,728.4,27.8,-596.9,-22.7,-626.7,-23.9,-8.85,,,,,,,,,,,
Q3 2020,3207.0,838.5,26.1,-874.1,-27.3,-1110.5,-34.6,-15.41,,,,,,,,,,,
Q4 2020,3821.0,979.7,25.6,-939.8,-24.6,-951.6,-24.9,-13.16,,,,,,,,,,,
FY2020,11966.0,3212.6,26.9,-2863.5,-23.9,-3229.5,-27.0,-44.13,,,,,,,,,,,
Q1 2021,3906.0,1212.2,31.0,-900.0,-23.0,-905.7,-23.2,-11.59,,,,,,,,,,,
Q2 2021,4475.0,1299.5,29.0,-1117.9,-25.0,-1365.2,-30.5,-17.26,,,,,,,,,,,
Q3 2021,5210.0,1533.6,29.4,-1371.9,-26.3,-1693.1,-32.5,-20.79,,,,,,,,,,,
Q4 2021,5703.0,1548.6,27.2,-1626.3,-28.5,-2057.5,-36.1,-25.12,,,,,,,,,,,
FY2021,19294.0,5593.9,29.0,-5015.1,-26.0,-6021.5,-31.2,-74.76,,,,,,,,,,,
Q1 2022,5043.0,1418.3,28.1,-911.8,-18.1,-890.6,-17.7,-2.14,,,,,145.0,,,,,,
Q2 2022,4912.0,1255.3,25.6,-1327.6,-27.0,-1420.6,-28.9,-3.40,,,,,,,,,,,
Q3 2022,5790.0,1513.6,26.1,-1371.7,-23.7,-1631.5,-28.2,-3.91,,,,,,,,,,,
Q4 2022,6255.0,1519.8,24.3,-1453.2,-23.2,-1538.5,-24.6,-3.69,,,,,93.5,,,,,,
FY2022,22000.0,5707.0,25.9,-5064.3,-23.0,-5480.2,-24.9,-13.14,,,,,,,,,,,
Q1 2023,5664.6,1605.4,28.3,-818.6,-14.5,-764.6,-13.5,-1.80,637.7,,,,,102.4,334.0,29.0,982.8,2528.9,1668.6,484.3
Q2 2023,6127.1,1833.2,29.9,-585.1,-9.5,-608.1,-9.9,-1.46,1750.5,,,,,,,,,1007.4,2565.9,2037.5,516.4
Q3 2023,7305.6,2547.2,34.9,-66.7,-0.9,-79.8,-1.1,-0.19,2225.6,,,,,,,,,1822.6,2821.3,2094.4,567.3
Q4 2023,6349.1,1660.0,26.1,-1304.7,-20.6,-1296.7,-20.4,-3.13,640.4,,,,,100.1,328.0,,1006.9,2857.1,1929.2,556.0
FY2023,22527.0,5441.9,24.2,-5064.2,-22.5,-4811.7,-21.4,-11.67,266.6,,14391.9,7456.4,7191.8,414.8,,,,,,
Q1 2024,5664.6,1605.4,28.3,-818.6,-14.5,-764.6,-13.5,-1.80,637.7,,,,,102.4,334.0,,982.8,2528.9,1668.6,484.3
Q2 2024,6127.1,1833.2,29.9,-585.1,-9.5,-608.1,-9.9,-1.46,1750.5,,,,,102.2,342.0,,1007.4,2565.9,2037.5,516.4
Q3 2024,7305.6,2547.2,34.9,-66.7,-0.9,-79.8,-1.1,-0.19,2225.6,,,,,103.2,362.0,,1822.6,2821.3,2094.4,567.3
Q4 2024,7734.2,2788.2,36.1,126.4,1.6,88.9,1.2,0.21,1401.0,,,,,103.0,340.0,,1797.5,3083.1,2388.7,464.9
FY2024,26831.5,8774.0,32.7,-1344.0,-5.0,-1363.7,-5.1,-3.23,6014.9,,14108.4,4835.9,10249.4,416.6,,,,,,
Q1 2025,7003.2,2539.1,36.3,15.0,0.2,-10.7,-0.2,-0.02,1302.1,,,,,106.7,368.0,32.0,1731.2,2807.3,1997.6,467.1
Q2 2025,7337.7,2675.8,36.5,251.6,3.4,218.3,3.0,0.51,1989.3,,,,,109.4,360.0,,1612.3,2836.6,2448.9,439.9
Q3 2025,7685.5,2817.9,36.7,353.9,4.6,469.4,6.1,1.05,2016.2,,,,,117.3,376.0,35.0,1510.7,3022.5,2569.9,582.3
